<?xml version="1.0" encoding="UTF-8"?><collection xmlns="http://www.loc.gov/MARC21/slim"><record><leader>00530nam--2200169-i-4500</leader><controlfield tag="001">000022976</controlfield><controlfield tag="002">20161230</controlfield><controlfield tag="005">20161230201034</controlfield><controlfield tag="008">060222s1000------------r-----000-0-eng-d</controlfield><datafield ind1=" " ind2=" " tag="040"><subfield code="a">IFIN-HH</subfield></datafield><datafield ind1="1" ind2=" " tag="100"><subfield code="a">Iadonisi, G</subfield></datafield><datafield ind1=" " ind2=" " tag="245"><subfield code="a">Possibility of two stages of phase transition in an interacting bose gas</subfield><subfield code="c">G. iadonisi; m. marinaro; r. vasudevan</subfield></datafield><datafield ind1=" " ind2=" " tag="260"><subfield code="a">Napoli</subfield><subfield code="b">Instituto Di Fisica Teorica Dell'Universita Di Napoli</subfield><subfield code="c">1970</subfield></datafield><datafield ind1=" " ind2=" " tag="300"><subfield code="a">31P</subfield></datafield><datafield ind1="1" ind2=" " tag="700"><subfield code="a">Vasudevan, R</subfield></datafield><datafield ind1=" " ind2=" " tag="852"><subfield code="a">33031</subfield><subfield code="c">536.7</subfield></datafield><datafield ind1=" " ind2=" " tag="CAT"><subfield code="a">Sys</subfield><subfield code="c">20110517</subfield><subfield code="h">132922</subfield></datafield></record></collection>